@article{song2005relationships,
  title={Relationships among some univariate distributions},
  author={Song, Wheyming Tina},
  journal={IIE Transactions},
  volume={37},
  number={7},
  pages={651--656},
  year={2005},
  publisher={Taylor \& Francis}
}